1014000075272 0710001520503042115B094101FDMS/ASSOCCRDSER       THE NORTHERN TRUST     07100015
5200FDMS/ASSOCCRDSER                    4000075272CORMTOT DISC 0502280503030001071000150000380
626291871352027037           0000000000431720295700076MINNESOTA SWORD CLUB  0 1071000152307621
798C01071000150001904      2918713500000002223074457                           071000152307621
62629187135220248            0000000000431720295700555EMOTIONS ANONYMOUS    0 1071000152307623
798C01071000150001906      2918713500000002223073822                           071000152307623
626291871352085175           0000000000431720295701090HANDS ON HEART HLTHCAR0 1071000152307625
798C01071000150001910      2918713500000002223077641                           071000152307625
626291871352049155           0000000000431720295701157INNOVATIVE POWER SYSTE0 1071000152307627
798C01071000150001911      2918713500000002223075926                           071000152307627
820000000801167485400000000000000000000000004000075272                         071000150000380
5200FDMS/ASSOCCRDSER                    4000075272CORMTOT DISC 0502280503030001071000150000381
62609600075535394            0000000000431720295800355QUATREFOIL LIBRARY    0 1071000152307633
798C01071000150001919      0960007500000002223074937                           071000152307633
626291871352118976           0000000000431720295800157BOLD OVER BATIKS!     0 1071000152307635
798C01071000150001926      2918713500000002223080181                           071000152307635
626291871352083154           0000000000431720295800272PROTECTION PRODUCTS IN0 1071000152307637
798C01071000150001928      2918713500000002223076858                           071000152307637
62629187135211627            0000000000431720295800462WHEELER HARDWARE      0 1071000152307639
798C01071000150001932      2918713500000002223073343                           071000152307639
820000000800971614800000000000000000000000004000075272                         071000150000381
5200FDMS/ASSOCCRDSER                    4000075272CORMTOT DISC 0502280503030001071000150000382
62609100127083154            0000000000431720295900072MARCOUX FAMILY DENTAL 0 1071000152307645
798C01071000150001957      0910012700000002223085859                           071000152307645
62609100127083550            0000000000431720295900395NORTH BRANCH VETERINAR0 1071000152307647
798C01071000150001963      0910012700000002223085966                           071000152307647
820000000400182002540000000000000000000000004000075272                         071000150000382
5200FDMS/ASSOCCRDSER                    4000075272CORMTOT DISC 0502280503030001071000150000383
62609100127078725            0000000000431720296300025TRIBUTE INC           0 1071000152307653
798C01071000150001994      0910012700000002223085115                           071000152307653
626091001270032151           0000000000431720296300504DODGE NATURE CENTER   0 1071000152307655
798C01071000150001999      0910012700000002223082930                           071000152307655
820000000400182002540000000000000000000000004000075272                         071000150000383
5200UMS/FDR                             1470535472CORBTOT DEP  0503030503030001071000150000436
621101901655290100014982     0000000000541563125002951RICHMOND FMLY CLINIC    1071000152307661
798C02071000150001472      10190165101000035                                   071000152307661
621103912480037101316532     0000000000541563125002219TAHLEQUAH CITY HOSP.    1071000152307663
798C02071000150001537      10391248103000017                                   071000152307663
820000000400205814130000000000000000000000001470535472                         071000150000436
5200FIRST VA/RSA                        6470535472CCDMTOT ADJ  0503030503030001071000150000437
6262642814162017330          0000222600442882486590250APPALACHIAN ANTIQUES  0 1071000152307669
799R01071000150000003      26428141                                            071000152307669
820000000200264281410000002226000000000000006470535472                         071000150000437
5200UMS/FDR                             1470535472CORMTOT DISC 0502280503030001071000150000207
626081502459002866130112     0000000000541563125004719INTERNAL MED ASSOCIATE  1071000152162793
798C02071000150002571      08150245081000032                                   071000152162793
626101901655290100014982     0000000000541563125002951RICHMOND FMLY CLINIC    1071000152162795
798C02071000150002941      10190165101000035                                   071000152162795
626103912480037101316532     0000000000541563125002219TAHLEQUAH CITY HOSP.    1071000152162797
798C02071000150003056      10391248103000017                                   071000152162797
626061105999137977           0000000000541563115000146K D MUFFLER & BRAKE IN  1071000152162799
798C03071000150000369      06110599061112843   9300137977                      071000152162799
62606111949310003705         0000000000541563125000229PEDIATRIC HEALTH CENTE  1071000152162801
798C03071000150001762      06111949061112843   3310003705                      071000152162801
62606111949310018208         0000000000541563125006364MILSTEAD MEDICAL CENTE  1071000152162803
798C03071000150001763      06111949061112843   3310018208                      071000152162803
820000001200470661550000000000000000000000001470535472                         071000150000207
5200UMS/FDR                             1470535472CORBTOT DEP  0503030503030001071000150000240
62106111949310003705         0000000000541563125000229PEDIATRIC HEALTH CENTE  1071000152162809
798C03071000150000814      06111949061112843   3310003705                      071000152162809
820000000200061119490000000000000000000000001470535472                         071000150000240
5200UMS/FDR                             1470535472CORBTOT DEP  0503020503020001071000150000386
62132517083526050012207      0000000000541563125002063UNIVERSITY PLACE PEDIA  1071000151721751
798C01071000150001852      3251708312050011002                                 071000151721751
6210670077030000098781       0000000000541563125000041ENT,FACIAL SURGERY      1071000151721753
798C02071000150001159      06700770063113222                                   071000151721753
6210670077030000152472       0000000000541563125005358DR. ARLENE HAYWOOD.     1071000151721755
798C02071000150001160      06700770063113222                                   071000151721755
820000000600459186230000000000000000000000001470535472                         071000150000386
5200UMS/FDR                             1470535472CCDMTOT DISC 0502280503030001071000150000276
6260611284399400709966       0000072188541563115000151JACKSON'S MUSIC STORE   1071000151654710
799R1307100015000037300000006112843                                            071000151654710
820000000200061128430000000721880000000000001470535472                         071000150000276
5200UMS/FDR                             1470535472CCDBTOT DEP  0503030503030001071000150000285
6210611284399400709966       0000108452541563115000151JACKSON'S MUSIC STORE   1071000151654716
799R1307100015000009600000006112843                                            071000151654716
820000000200061128430000000000000000001084521470535472                         071000150000285
9000011000008000000540408642495000000294788000000108452                                       
9999999999999999999999999999999999999999999999999999999999999999999999999999999999999999999999
9999999999999999999999999999999999999999999999999999999999999999999999999999999999999999999999
